@article{greenwade93,
	author  = "Greenwade, George D.",
	title   = "The {C}omprehensive {T}ex {A}rchive {N}etwork ({CTAN})",
	year    = "1993",
	journal = "TUGBoat",
	volume  = "14",
	number  = "3",
	pages   = "342--351"
}

http://www.fraunhofer.de/en/press/research-news/2012/may/navigating-the-shopping-center.html